@software{hugo,
    author = {{Hugo Authors}},
    title = {Hugo},
    howpublished = {\url{https://gohugo.io/}},
    version = {0.95.0},
    date = {2022-03-19},
    year = "2022",
}
@software{indic_transliteration_py,
    author = {{Sanskrit Programmers}},
    title = {Indic transliteration python pip package},
    howpublished = {\url{https://github.com/indic-transliteration/indic_transliteration_py}},
    version = {2.3.25},
    date = {2022-03-19},
    year = "2022",
}
@software{adyatithi,
    author = {{Karthik Raman and Vishvas Vasuki}},
    title = {Adyatithi event repositories},
    howpublished = {\url{https://github.com/jyotisham/adyatithi}},
    version = {0.0.1},
    date = {2022-03-19},
    year = "2022",
}
@software{jyotisha_py,
    author = {{Karthik Raman and Vishvas Vasuki}},
    title = {Jyotisha Python Pip package},
    howpublished = {\url{https://github.com/jyotisham/jyotisha}},
    version = {2.3.25},
    date = {2022-03-19},
    year = "2022",
}
@software{toml,
    author = {{Tom Preston-Werner, Pradyun Gedam, et al}},
    title = {TOML},
    howpublished = {\url{https://toml.io/en/v1.0.0}},
    version = {1.0.0},
    date = {2022-03-19},
    year = "2022",
}
